% ПРИМЕРЫ
@book{saturday_is_monday,
  author    = "Стругацкий, А.Н. and Стругацкий, Б.Н.",
  title     = "Понедельник начинается в субботу",
  address   = "М.",
  editor    = "Иванов",
  publisher = "Детская литература",
  year      = 1965,
  language  = "russian"
}
@book{book:fourier,
  title      = {Ряды и интеграл Фурье: Теория поля. Аналитические и специальные функции. Преобразование Лапласа},
  author     = {Кожевников, Н.И. and Краснощекова, Т.И. and Шишкин, Н.Е.},
  lccn       = {66051327},
  series     = {Избранные главы высшей математики для инженеров и студентов втузов. Задачи и упражнения},
  url        = {http://books.google.ru/books?id=xvXuAAAAMAAJ},
  year       = {1964},
  publisher  = {Наука},
  eprint     = {http://books.google.ru/books?id=xvXuAAAAMAAJ},
  eprinttype = {Google Books}
}
@online{wiki:lcd,
  author       = "Wikipedia",
  title        = "Наибольший общий делитель",
  howpublished = "Википедия, свободная энциклопедия",
  year         = 2012,
  url          = {http://goo.gl/1eEF3},
  urldate      = "08.04.2013",
  language     = "russian"
}


% --------------
% ПРО ПРОГНОЗЫ
% --------------

% ECMWF
@misc{persson2001user,
  title={User Guide to ECMWF forecast products},
  author={Persson, Anders},
  year={2001}
}
% GFS
@article{saha2006ncep,
  title={The NCEP climate forecast system},
  author={Saha, S and Nadiga, S and Thiaw, C and Wang, J and Wang, W and Zhang, Q and Van den Dool, HM and Pan, H-L and Moorthi, S and Behringer, D and others},
  journal={Journal of Climate},
  volume={19},
  number={15},
  pages={3483--3517},
  year={2006}
}
% от Саши, хороший обзор на русском
@article{васильев2008прогноз,
  title={Прогноз погоды},
  author={Васильев А.А., Вильфанд Р.М.},
  journal={М.:{\guillemotleft}Моби Дик},
  year={2008}
}

% ibm использует ml
% про прогнозы
@online{ibm_weather,
  author       = "IBM",
  title        = "Driving the World’s Most Accurate Weather Forecasts",
  howpublished = "IBM Website",
  year         = 2016,
  url          = {https://www.ibm.com/blogs/think/2016/12/accurate-weather-forecasts/}
}
% про электроэнергию? http://www-03.ibm.com/press/us/en/pressrelease/52117.wss
@online{ibm_weather_energy,
  author       = "IBM",
  title        = "New Outage Prediction Model From The Weather Company, an IBM Business, Helps Utilities Prepare For and Respond to Severe Weather",
  howpublished = "IBM Website",
  year         = 2017,
  url          = {http://www-03.ibm.com/press/us/en/pressrelease/52117.wss}
}

% история вопроса
% http://www.rsmas.miami.edu/personal/miskandarani/Courses/MPO662/Lynch,Peter/OriginsCompWF.JCP227.pdf
% http://www.mbureau.ru/articles/istoriya-razvitiya-modeley-prognozirovaniya-pogody
%https://habrahabr.ru/post/179687/
@article{lynch2008origins,
  title={The origins of computer weather prediction and climate modeling},
  author={Lynch, Peter},
  journal={Journal of Computational Physics},
  volume={227},
  number={7},
  pages={3431--3444},
  year={2008},
  publisher={Elsevier}
}

% что-то про радары
@book{doviak1993doppler,
  title={Doppler Radar and Weather Observations},
  author={Doviak, R.J. and Zrni, D.S.},
  isbn={9780486450605},
  lccn={2006045426},
  series={Dover Books on Engineering Series},
  url={https://books.google.ru/books?id=ispLkPX9n2UC},
  year={1993},
  publisher={Dover Publications}
}



% --------------
% ПРО СТАТИСТИКУ
% --------------
% Бишоп
@book{bishop,
 author = {Bishop, Christopher M.},
 title = {Pattern Recognition and Machine Learning (Information Science and Statistics)},
 year = {2006},
 publisher = {Springer-Verlag New York, Inc.},
 address = {Secaucus, NJ, USA},
}


% бустинг
@article{friedman2001greedy,
  title={Greedy function approximation: a gradient boosting machine},
  author={Friedman, Jerome H},
  journal={Annals of statistics},
  pages={1189--1232},
  year={2001},
  publisher={JSTOR}
}
@article{FRIEDMAN2002367,
title = "Stochastic gradient boosting",
journal = "Computational Statistics \& Data Analysis",
volume = "38",
number = "4",
pages = "367 - 378",
year = "2002",
note = "Nonlinear Methods and Data Mining",
issn = "0167-9473",
doi = "https://doi.org/10.1016/S0167-9473(01)00065-2",
%url = "http://www.sciencedirect.com/science/article/pii/S0167947301000652",
% https://statweb.stanford.edu/~jhf/ftp/stobst.pdf
author = "Jerome H. Friedman"
}

% курсач по методам бустинга http://www.machinelearning.ru/wiki/images/9/9a/Fonarev.Overview_of_Boosting_Methods.pdf
% про град. бустинг http://www.machinelearning.ru/wiki/images/5/57/Ml.mmp.2.s3.pdf
% дока матрикснета https://docviewer.yandex-team.ru/view/1120000000052742/?*=voP3IaKKCsGq6Cr4xKzh6tucJEd7InVybCI6InlhLXdpa2k6Ly93aWtpLWFwaS55YW5kZXgtdGVhbS5ydS9qYW5kZWtzcG9pc2sva2FjaGVzdHZvcG9pc2thL21hdHJpeG5ldC9tYXRyaXhuZXQtMS5wZGYiLCJ0aXRsZSI6Im1hdHJpeG5ldC0xLnBkZiIsInVpZCI6IjExMjAwMDAwMDAwNTI3NDIiLCJ5dSI6IjM1ODkxMjg3MTUwNDc4ODI5NyIsIm5vaWZyYW1lIjpmYWxzZSwidHMiOjE1MTMyNTIxMDg1NzJ9
